@book{formelsammlung,
    title = {Formeln, Tabellen, Begriffe},
    isbn = {9783280041932},
    year = {2019},
    publisher = {Orell FÃ¼ssli Verlag},
}
